<marc:record xmlns:marc="http://www.loc.gov/MARC21/slim" xmlns:xsi="http://www.w3.org/2001/XMLSchema-instance" xsi:schemaLocation="http://www.loc.gov/MARC21/slim http://www.loc.gov/standards/marcxml/schema/MARC21slim.xsd">
  <marc:leader>     cam a2200265 a 45M</marc:leader>
  <marc:controlfield tag="001">002108941</marc:controlfield>
  <marc:controlfield tag="003">NNU</marc:controlfield>
  <marc:controlfield tag="005">20061010172049.0</marc:controlfield>
  <marc:controlfield tag="008">870508q19801989ir            000 0 ara d</marc:controlfield>
  <marc:datafield tag="035" ind1="9" ind2=" ">
    <marc:subfield code="a">NYUb11066269</marc:subfield>
  </marc:datafield>
  <marc:datafield tag="035" ind1=" " ind2=" ">
    <marc:subfield code="a">(CStRLIN)NYUG87-B15206</marc:subfield>
  </marc:datafield>
  <marc:datafield tag="040" ind1=" " ind2=" ">
    <marc:subfield code="a">NJP</marc:subfield>
    <marc:subfield code="c">NJP</marc:subfield>
    <marc:subfield code="d">NN</marc:subfield>
    <marc:subfield code="d">NNU</marc:subfield>
  </marc:datafield>
  <marc:datafield tag="066" ind1=" " ind2=" ">
    <marc:subfield code="c">(3</marc:subfield>
  </marc:datafield>
  <marc:datafield tag="090" ind1=" " ind2=" ">
    <marc:subfield code="a">PJ6121</marc:subfield>
    <marc:subfield code="b">.S35 1980z</marc:subfield>
  </marc:datafield>
  <marc:datafield tag="100" ind1="1" ind2=" ">
    <marc:subfield code="a">Sujāʻī, Aḥmad ibn Aḥmad,</marc:subfield>
    <marc:subfield code="d">d. 1783?</marc:subfield>
    <marc:subfield code="6">01</marc:subfield>
  </marc:datafield>
  <marc:datafield tag="100" ind1="0" ind2=" ">
    <marc:subfield code="6">01</marc:subfield>
    <marc:subfield code="a">أحمد بن أحمد السجاعي.</marc:subfield>
  </marc:datafield>
  <marc:datafield tag="245" ind1="1" ind2="0">
    <marc:subfield code="6">02</marc:subfield>
    <marc:subfield code="a">Ḥāshiyah ʻala ́sharḥ Jamāl al-Dīn Abī Muḥammad ʻAbd Allāh ibn Yūsuf ibn Hishām al-Anṣārī /</marc:subfield>
    <marc:subfield code="c">Aḥmad ibn Aḥmad al-Sajjʻ̄aī ; li-muqaddimatihi, Qaṭr al-nada ́wa-ball al-ṣada ́; wa-bi-al-hāmish, al-sharḥ al-madhkūr maʻa baʻḍ taqrirāt ʻala ́al-Ḥāshiyah li-Shams al-Dīn Muḥammad al-Anbābī.</marc:subfield>
  </marc:datafield>
  <marc:datafield tag="245" ind1="1" ind2="0">
    <marc:subfield code="6">02</marc:subfield>
    <marc:subfield code="a">حاشية على شرح جمال الدين أبى محمد عبد الله بن يوسف بن هشام الأنصاري /</marc:subfield>
    <marc:subfield code="c">أحمد بن أحمد السجاعي ؛ لمقدمته، قطر الندى وبل الصدى ؛ وبالهامش، الشرح المذكور مع بعض تقريرات على الحاشية لشمس الدين محمد الانبابي.</marc:subfield>
  </marc:datafield>
  <marc:datafield tag="250" ind1=" " ind2=" ">
    <marc:subfield code="6">03</marc:subfield>
    <marc:subfield code="a">al-Ṭabʻah al-akhirah.</marc:subfield>
  </marc:datafield>
  <marc:datafield tag="250" ind1=" " ind2=" ">
    <marc:subfield code="6">03</marc:subfield>
    <marc:subfield code="a">الطبعة الأخيرة.</marc:subfield>
  </marc:datafield>
  <marc:datafield tag="260" ind1=" " ind2=" ">
    <marc:subfield code="6">04</marc:subfield>
    <marc:subfield code="a">Qum, Iran ;</marc:subfield>
    <marc:subfield code="b">al-Rāḍī,</marc:subfield>
    <marc:subfield code="c">[198-]</marc:subfield>
  </marc:datafield>
  <marc:datafield tag="260" ind1=" " ind2=" ">
    <marc:subfield code="6">04</marc:subfield>
    <marc:subfield code="a">قم، ايران ؛</marc:subfield>
    <marc:subfield code="b">الراضى،</marc:subfield>
    <marc:subfield code="c">[198-]</marc:subfield>
  </marc:datafield>
  <marc:datafield tag="300" ind1=" " ind2=" ">
    <marc:subfield code="a">132 p. ;</marc:subfield>
    <marc:subfield code="c">23 cm.</marc:subfield>
  </marc:datafield>
  <marc:datafield tag="534" ind1=" " ind2=" ">
    <marc:subfield code="p">Reprint. Originally published :</marc:subfield>
    <marc:subfield code="c">al-Qāhirah: Maṭbaʻat Muṣṭafá al-Bābī, 1939.</marc:subfield>
  </marc:datafield>
  <marc:datafield tag="650" ind1=" " ind2="0">
    <marc:subfield code="a">Arabic language</marc:subfield>
    <marc:subfield code="x">Phonology.</marc:subfield>
  </marc:datafield>
  <marc:datafield tag="998" ind1=" " ind2=" ">
    <marc:subfield code="a">19931117</marc:subfield>
    <marc:subfield code="d">19870508</marc:subfield>
    <marc:subfield code="d">20010317</marc:subfield>
    <marc:subfield code="n">NNU</marc:subfield>
    <marc:subfield code="s">1</marc:subfield>
    <marc:subfield code="t">c</marc:subfield>
    <marc:subfield code="z">p</marc:subfield>
  </marc:datafield>
</marc:record>
